<?xml version="1.0" encoding="UTF-8"?>
  <record xmlns="http://www.loc.gov/MARC21/slim" type="Authority">
    <leader>00000nz  a2200000nc 4500</leader>
    <controlfield tag="001">100123015</controlfield>
    <controlfield tag="003">DE-101</controlfield>
    <controlfield tag="005">20220801102650.0</controlfield>
    <controlfield tag="008">900615n||azznnaabn           | aaa    |c</controlfield>
    <datafield tag="024" ind1="7" ind2=" ">
      <subfield code="a">100123015</subfield>
      <subfield code="0">http://d-nb.info/gnd/100123015</subfield>
      <subfield code="2">gnd</subfield>
    </datafield>
    <datafield tag="024" ind1="7" ind2=" ">
      <subfield code="a">44642030</subfield>
      <subfield code="2">viaf</subfield>
    </datafield>
    <datafield tag="035" ind1=" " ind2=" ">
      <subfield code="a">(DE-101)100123015</subfield>
    </datafield>
    <datafield tag="035" ind1=" " ind2=" ">
      <subfield code="a">(DE-588)100123015</subfield>
    </datafield>
    <datafield tag="035" ind1=" " ind2=" ">
      <subfield code="z">(DE-588a)100123015</subfield>
      <subfield code="9">v:zg</subfield>
    </datafield>
    <datafield tag="040" ind1=" " ind2=" ">
      <subfield code="a">DE-12</subfield>
      <subfield code="c">DE-12</subfield>
      <subfield code="9">r:DE-12</subfield>
      <subfield code="b">ger</subfield>
      <subfield code="d">0103</subfield>
      <subfield code="e">rda</subfield>
    </datafield>
    <datafield tag="042" ind1=" " ind2=" ">
      <subfield code="a">gnd1</subfield>
    </datafield>
    <datafield tag="043" ind1=" " ind2=" ">
      <subfield code="c">XA-DE</subfield>
    </datafield>
    <datafield tag="065" ind1=" " ind2=" ">
      <subfield code="a">6.4p</subfield>
      <subfield code="2">sswd</subfield>
    </datafield>
    <datafield tag="065" ind1=" " ind2=" ">
      <subfield code="a">12.2p</subfield>
      <subfield code="2">sswd</subfield>
    </datafield>
    <datafield tag="075" ind1=" " ind2=" ">
      <subfield code="b">p</subfield>
      <subfield code="2">gndgen</subfield>
    </datafield>
    <datafield tag="075" ind1=" " ind2=" ">
      <subfield code="b">piz</subfield>
      <subfield code="2">gndspec</subfield>
    </datafield>
    <datafield tag="079" ind1=" " ind2=" ">
      <subfield code="a">g</subfield>
      <subfield code="q">a</subfield>
      <subfield code="q">f</subfield>
      <subfield code="q">z</subfield>
      <subfield code="q">s</subfield>
      <subfield code="u">k</subfield>
      <subfield code="u">w</subfield>
    </datafield>
    <datafield tag="100" ind1="1" ind2=" ">
      <subfield code="a">Engelhart, Leonhard</subfield>
      <subfield code="d">1526-1602</subfield>
    </datafield>
    <datafield tag="375" ind1=" " ind2=" ">
      <subfield code="a">1</subfield>
      <subfield code="2">iso5218</subfield>
    </datafield>
    <datafield tag="400" ind1="1" ind2=" ">
      <subfield code="a">Engelhart, Leonhardus</subfield>
      <subfield code="d">1526-1602</subfield>
    </datafield>
    <datafield tag="400" ind1="1" ind2=" ">
      <subfield code="a">Engelhard, Leonhard</subfield>
      <subfield code="d">1526-1602</subfield>
    </datafield>
    <datafield tag="400" ind1="0" ind2=" ">
      <subfield code="a">L.E.</subfield>
      <subfield code="d">1526-1602</subfield>
    </datafield>
    <datafield tag="400" ind1="1" ind2=" ">
      <subfield code="a">Engelhartus, Leonhardus</subfield>
      <subfield code="d">1526-1602</subfield>
    </datafield>
    <datafield tag="400" ind1="1" ind2=" ">
      <subfield code="a">Engelhardus, Leonhardus</subfield>
      <subfield code="d">1526-1602</subfield>
    </datafield>
    <datafield tag="500" ind1="1" ind2=" ">
      <subfield code="a">Breitschwerdt, Kaspar</subfield>
      <subfield code="4">beza</subfield>
      <subfield code="4">https://d-nb.info/standards/elementset/gnd#acquaintanceshipOrFriendship</subfield>
      <subfield code="w">r</subfield>
      <subfield code="i">Bekanntschaft</subfield>
      <subfield code="e">Bekanntschaft</subfield>
      <subfield code="9">v:VD-16 Mitverf.</subfield>
    </datafield>
    <datafield tag="500" ind1="1" ind2=" ">
      <subfield code="0">(DE-101)119699818</subfield>
      <subfield code="0">(DE-588)119699818</subfield>
      <subfield code="0">https://d-nb.info/gnd/119699818</subfield>
      <subfield code="a">Hartung, Johannes</subfield>
      <subfield code="4">beza</subfield>
      <subfield code="4">https://d-nb.info/standards/elementset/gnd#acquaintanceshipOrFriendship</subfield>
      <subfield code="w">r</subfield>
      <subfield code="i">Bekanntschaft</subfield>
      <subfield code="e">Bekanntschaft</subfield>
      <subfield code="9">v:VD-16 Mitverf.</subfield>
    </datafield>
    <datafield tag="500" ind1="1" ind2=" ">
      <subfield code="0">(DE-101)100268536</subfield>
      <subfield code="0">(DE-588)100268536</subfield>
      <subfield code="0">https://d-nb.info/gnd/100268536</subfield>
      <subfield code="a">Schnepff, Dietrich</subfield>
      <subfield code="d">1525-1586</subfield>
      <subfield code="4">beza</subfield>
      <subfield code="4">https://d-nb.info/standards/elementset/gnd#acquaintanceshipOrFriendship</subfield>
      <subfield code="w">r</subfield>
      <subfield code="i">Bekanntschaft</subfield>
      <subfield code="e">Bekanntschaft</subfield>
      <subfield code="9">v:VD-16 Mitverf.</subfield>
    </datafield>
    <datafield tag="500" ind1="1" ind2=" ">
      <subfield code="a">Heerbrand, Jakob</subfield>
      <subfield code="4">beza</subfield>
      <subfield code="4">https://d-nb.info/standards/elementset/gnd#acquaintanceshipOrFriendship</subfield>
      <subfield code="w">r</subfield>
      <subfield code="i">Bekanntschaft</subfield>
      <subfield code="e">Bekanntschaft</subfield>
      <subfield code="9">v:VD-16 Mitverf.</subfield>
    </datafield>
    <datafield tag="500" ind1="1" ind2=" ">
      <subfield code="0">(DE-101)116992514</subfield>
      <subfield code="0">(DE-588)116992514</subfield>
      <subfield code="0">https://d-nb.info/gnd/116992514</subfield>
      <subfield code="a">Megiser, Hieronymus</subfield>
      <subfield code="d">1557-1619</subfield>
      <subfield code="4">beza</subfield>
      <subfield code="4">https://d-nb.info/standards/elementset/gnd#acquaintanceshipOrFriendship</subfield>
      <subfield code="w">r</subfield>
      <subfield code="i">Bekanntschaft</subfield>
      <subfield code="e">Bekanntschaft</subfield>
      <subfield code="9">v:VD-16 Mitverf.</subfield>
    </datafield>
    <datafield tag="500" ind1="1" ind2=" ">
      <subfield code="0">(DE-101)119721953</subfield>
      <subfield code="0">(DE-588)119721953</subfield>
      <subfield code="0">https://d-nb.info/gnd/119721953</subfield>
      <subfield code="a">Jociscus, Andreas</subfield>
      <subfield code="4">beza</subfield>
      <subfield code="4">https://d-nb.info/standards/elementset/gnd#acquaintanceshipOrFriendship</subfield>
      <subfield code="w">r</subfield>
      <subfield code="i">Bekanntschaft</subfield>
      <subfield code="e">Bekanntschaft</subfield>
      <subfield code="9">v:VD-16 Mitverf.</subfield>
    </datafield>
    <datafield tag="500" ind1="1" ind2=" ">
      <subfield code="0">(DE-101)118719289</subfield>
      <subfield code="0">(DE-588)118719289</subfield>
      <subfield code="0">https://d-nb.info/gnd/118719289</subfield>
      <subfield code="a">Guicciardini, Lodovico</subfield>
      <subfield code="d">1521-1589</subfield>
      <subfield code="4">beza</subfield>
      <subfield code="4">https://d-nb.info/standards/elementset/gnd#acquaintanceshipOrFriendship</subfield>
      <subfield code="w">r</subfield>
      <subfield code="i">Bekanntschaft</subfield>
      <subfield code="e">Bekanntschaft</subfield>
      <subfield code="9">v:VD-16 Mitverf.</subfield>
    </datafield>
    <datafield tag="500" ind1="1" ind2=" ">
      <subfield code="0">(DE-101)118503847</subfield>
      <subfield code="0">(DE-588)118503847</subfield>
      <subfield code="0">https://d-nb.info/gnd/118503847</subfield>
      <subfield code="a">Archias, Aulus Licinius</subfield>
      <subfield code="d">v118-v62</subfield>
      <subfield code="4">beza</subfield>
      <subfield code="4">https://d-nb.info/standards/elementset/gnd#acquaintanceshipOrFriendship</subfield>
      <subfield code="w">r</subfield>
      <subfield code="i">Bekanntschaft</subfield>
      <subfield code="e">Bekanntschaft</subfield>
      <subfield code="9">v:VD-16 Mitverf.</subfield>
    </datafield>
    <datafield tag="500" ind1="1" ind2=" ">
      <subfield code="0">(DE-101)120371006</subfield>
      <subfield code="0">(DE-588)120371006</subfield>
      <subfield code="0">https://d-nb.info/gnd/120371006</subfield>
      <subfield code="a">Wieland, Johann Heinrich</subfield>
      <subfield code="d">1565-1637</subfield>
      <subfield code="4">beza</subfield>
      <subfield code="4">https://d-nb.info/standards/elementset/gnd#acquaintanceshipOrFriendship</subfield>
      <subfield code="w">r</subfield>
      <subfield code="i">Bekanntschaft</subfield>
      <subfield code="e">Bekanntschaft</subfield>
      <subfield code="9">v:VD-16 Mitverf.</subfield>
    </datafield>
    <datafield tag="500" ind1="1" ind2=" ">
      <subfield code="0">(DE-101)128553413</subfield>
      <subfield code="0">(DE-588)128553413</subfield>
      <subfield code="0">https://d-nb.info/gnd/128553413</subfield>
      <subfield code="a">Zückwolf, Jacob</subfield>
      <subfield code="d">-1596</subfield>
      <subfield code="4">beza</subfield>
      <subfield code="4">https://d-nb.info/standards/elementset/gnd#acquaintanceshipOrFriendship</subfield>
      <subfield code="w">r</subfield>
      <subfield code="i">Bekanntschaft</subfield>
      <subfield code="e">Bekanntschaft</subfield>
      <subfield code="9">v:VD-16 Mitverf.</subfield>
    </datafield>
    <datafield tag="500" ind1="1" ind2=" ">
      <subfield code="0">(DE-101)1012390020</subfield>
      <subfield code="0">(DE-588)1012390020</subfield>
      <subfield code="0">https://d-nb.info/gnd/1012390020</subfield>
      <subfield code="a">Frisaeus, Laurentius</subfield>
      <subfield code="c">II</subfield>
      <subfield code="d">1568-1635</subfield>
      <subfield code="4">bezf</subfield>
      <subfield code="4">https://d-nb.info/standards/elementset/gnd#familialRelationship</subfield>
      <subfield code="w">r</subfield>
      <subfield code="i">Beziehung familiaer</subfield>
      <subfield code="e">Beziehung familiaer</subfield>
      <subfield code="9">v:Stiefsohn</subfield>
    </datafield>
    <datafield tag="548" ind1=" " ind2=" ">
      <subfield code="a">18.12.1526-23.08.1602</subfield>
      <subfield code="4">datx</subfield>
      <subfield code="4">https://d-nb.info/standards/elementset/gnd#dateOfBirthAndDeath</subfield>
      <subfield code="w">r</subfield>
      <subfield code="i">Exakte Lebensdaten</subfield>
      <subfield code="9">v:abweichendes Geburtsdatum 19.12.</subfield>
    </datafield>
    <datafield tag="548" ind1=" " ind2=" ">
      <subfield code="a">1526-1602</subfield>
      <subfield code="4">datl</subfield>
      <subfield code="4">https://d-nb.info/standards/elementset/gnd#dateOfBirthAndDeath</subfield>
      <subfield code="w">r</subfield>
      <subfield code="i">Lebensdaten</subfield>
    </datafield>
    <datafield tag="550" ind1=" " ind2=" ">
      <subfield code="0">(DE-101)040350886</subfield>
      <subfield code="0">(DE-588)4035088-5</subfield>
      <subfield code="0">https://d-nb.info/gnd/4035088-5</subfield>
      <subfield code="a">Lehrer</subfield>
      <subfield code="4">berc</subfield>
      <subfield code="4">https://d-nb.info/standards/elementset/gnd#professionOrOccupation</subfield>
      <subfield code="w">r</subfield>
      <subfield code="i">Charakteristischer Beruf</subfield>
    </datafield>
    <datafield tag="550" ind1=" " ind2=" ">
      <subfield code="0">(DE-101)040533093</subfield>
      <subfield code="0">(DE-588)4053309-8</subfield>
      <subfield code="0">https://d-nb.info/gnd/4053309-8</subfield>
      <subfield code="a">Schriftsteller</subfield>
      <subfield code="4">beru</subfield>
      <subfield code="4">https://d-nb.info/standards/elementset/gnd#professionOrOccupation</subfield>
      <subfield code="w">r</subfield>
      <subfield code="i">Beruf</subfield>
    </datafield>
    <datafield tag="550" ind1=" " ind2=" ">
      <subfield code="0">(DE-101)04061414X</subfield>
      <subfield code="0">(DE-588)4061414-1</subfield>
      <subfield code="0">https://d-nb.info/gnd/4061414-1</subfield>
      <subfield code="a">Übersetzer</subfield>
      <subfield code="4">beru</subfield>
      <subfield code="4">https://d-nb.info/standards/elementset/gnd#professionOrOccupation</subfield>
      <subfield code="w">r</subfield>
      <subfield code="i">Beruf</subfield>
    </datafield>
    <datafield tag="551" ind1=" " ind2=" ">
      <subfield code="0">(DE-101)04053684X</subfield>
      <subfield code="0">(DE-588)4053684-1</subfield>
      <subfield code="0">https://d-nb.info/gnd/4053684-1</subfield>
      <subfield code="a">Schwäbisch Hall</subfield>
      <subfield code="4">ortg</subfield>
      <subfield code="4">https://d-nb.info/standards/elementset/gnd#placeOfBirth</subfield>
      <subfield code="w">r</subfield>
      <subfield code="i">Geburtsort</subfield>
    </datafield>
    <datafield tag="551" ind1=" " ind2=" ">
      <subfield code="0">(DE-101)040582825</subfield>
      <subfield code="0">(DE-588)4058282-6</subfield>
      <subfield code="0">https://d-nb.info/gnd/4058282-6</subfield>
      <subfield code="a">Stuttgart</subfield>
      <subfield code="4">ortw</subfield>
      <subfield code="4">https://d-nb.info/standards/elementset/gnd#placeOfActivity</subfield>
      <subfield code="w">r</subfield>
      <subfield code="i">Wirkungsort</subfield>
    </datafield>
    <datafield tag="667" ind1=" " ind2=" ">
      <subfield code="a">12</subfield>
    </datafield>
    <datafield tag="667" ind1=" " ind2=" ">
      <subfield code="a">384</subfield>
    </datafield>
    <datafield tag="667" ind1=" " ind2=" ">
      <subfield code="a">VD-16</subfield>
    </datafield>
    <datafield tag="670" ind1=" " ind2=" ">
      <subfield code="a">VD16</subfield>
    </datafield>
    <datafield tag="670" ind1=" " ind2=" ">
      <subfield code="a">WBIS</subfield>
    </datafield>
    <datafield tag="670" ind1=" " ind2=" ">
      <subfield code="a">Röcker, Bernd: Magister Leonhard Engelhard. - Heidelberg. 2021</subfield>
    </datafield>
    <datafield tag="672" ind1=" " ind2="0">
      <subfield code="a">Engelhart, Leonhard: Poeseos exercitationes</subfield>
      <subfield code="f">1565</subfield>
    </datafield>
    <datafield tag="672" ind1=" " ind2="0">
      <subfield code="a">Engelhart, Leonhard: Ein Gespräch Zweier guter Freund von warer und falscher Religion</subfield>
      <subfield code="f">1570</subfield>
    </datafield>
    <datafield tag="672" ind1=" " ind2="0">
      <subfield code="a">Engelhart, Leonhard: Elegia in obitum generosi baronis Ioannis Ungnadii, domini a Sonneck*</subfield>
      <subfield code="f">1565</subfield>
    </datafield>
    <datafield tag="672" ind1=" " ind2="0">
      <subfield code="a">Engelhart, Leonhard: Emerita</subfield>
      <subfield code="f">1597</subfield>
    </datafield>
    <datafield tag="672" ind1=" " ind2="0">
      <subfield code="a">Efferhen, Heinrich von &lt;der Jüngere&gt;: Klaglied.  1597.  (VD16 E 566)</subfield>
    </datafield>
    <datafield tag="672" ind1=" " ind2="0">
      <subfield code="a">Engelhart, Leonhard: Ein Gespraech Zweier guetẽ Freünd von warer vnnd falscher Religion kurtz grundtlich ...  1570.  (VD16 E 1236)</subfield>
    </datafield>
    <datafield tag="672" ind1=" " ind2="0">
      <subfield code="a">Cell, Erhard: VIRTVTE, ET DOCTRINA CLARISSIMIS VIRIS, D. CHRISTIANO Tholdio Francobergensi, D. Jacobo ...  1582.  (VD16 C 1885)</subfield>
    </datafield>
    <datafield tag="672" ind1=" " ind2="0">
      <subfield code="a">Engelhart, Leonhard: Lachrymae AD TVMVLVM CLARISSIMI VIRI ... Domini Sebastiani Coccyi ... Eberhardi Ducis ...  1562.  (VD16 E 1239)</subfield>
    </datafield>
    <datafield tag="672" ind1=" " ind2="0">
      <subfield code="a">Engelhart, Leonhard: In Nuptijs ILLVSTRISSIMI PRINCIPIS AC DOMINI, DOMINI GEORGII GVSTAVI: COMITIS Palatini ...  1586.  (VD16 ZV 21509)</subfield>
    </datafield>
    <datafield tag="672" ind1=" " ind2="0">
      <subfield code="a">Engelhart, Leonhard: Poeseos aliquot piae exercitationes: conscriptae in gratiam generosorum adolescentum, ...  1565.  (VD16 E 1240)</subfield>
    </datafield>
    <datafield tag="672" ind1=" " ind2="0">
      <subfield code="a">Frischlin, Nikodemus: Gratulationes. IN RENVNCIATIONE NOVORVM DOCTORVM, QVAE FACTA EST TVBINGAE, XXIII. ...  1573.  (VD16 F 2934)</subfield>
    </datafield>
    <datafield tag="672" ind1=" " ind2="0">
      <subfield code="a">Engelhart, Leonhard: Carmen Ex Esslinga sacri ImPERIII VRBE DISCE DENTIS, M.LEONHARDI ENGELHART ...  1568.  (VD16 E 1235)</subfield>
    </datafield>
    <datafield tag="672" ind1=" " ind2="0">
      <subfield code="a">Engelhart, Leonhard: Elegia in obitum generosi baronis Johannis Ungnadii, domini a Sonneck ...  1565.  (VD16 ZV 5023)</subfield>
    </datafield>
    <datafield tag="672" ind1=" " ind2="0">
      <subfield code="a">Crusius, Martin: Orationum liber unus.  1567.  (VD16 C 6141)</subfield>
    </datafield>
    <datafield tag="675" ind1=" " ind2=" ">
      <subfield code="a">LCAuth</subfield>
    </datafield>
    <datafield tag="678" ind1=" " ind2=" ">
      <subfield code="b">Lateinschulmeister, lutheranischer Prediger, Übersetzer und Hochschullehrer; Verfasser von Gedichten, Schaupiel und geistlicher Dichtung</subfield>
    </datafield>
    <datafield tag="913" ind1=" " ind2=" ">
      <subfield code="S">pnd</subfield>
      <subfield code="i">a</subfield>
      <subfield code="a">Engelhart, Leonhard</subfield>
      <subfield code="0">(DE-588a)100123015</subfield>
    </datafield>
  </record>
